<mx:record xmlns="http://www.w3.org/TR/xhtml1/strict" xmlns:mx="http://www.loc.gov/MARC21/slim" xmlns:xsi="http://www.w3.org/2001/XMLSchema-instance"><mx:leader>00000cz  a2200000n  45 0</mx:leader><mx:controlfield tag="001">oca01332447 </mx:controlfield><mx:controlfield tag="005">20080627071321.0</mx:controlfield><mx:controlfield tag="008">850516n| acannaabn          |a aaa      </mx:controlfield><mx:datafield ind1=" " ind2=" " tag="010"><mx:subfield code="a">n  85112085</mx:subfield></mx:datafield><mx:datafield ind1=" " ind2=" " tag="040"><mx:subfield code="a">InU</mx:subfield><mx:subfield code="b">eng</mx:subfield><mx:subfield code="c">DLC</mx:subfield><mx:subfield code="d">DLC</mx:subfield><mx:subfield code="d">NBuU</mx:subfield><mx:subfield code="d">OCoLC</mx:subfield></mx:datafield><mx:datafield ind1="1" ind2=" " tag="100"><mx:subfield code="a">Pachymeres, George,</mx:subfield><mx:subfield code="d">1242-ca. 1310</mx:subfield></mx:datafield><mx:datafield ind1="1" ind2=" " tag="400"><mx:subfield code="a">Pachymeres, Georgios,</mx:subfield><mx:subfield code="d">1242-ca. 1310</mx:subfield></mx:datafield><mx:datafield ind1="1" ind2=" " tag="400"><mx:subfield code="a">Pachymérès, Georges,</mx:subfield><mx:subfield code="d">1242-ca. 1310.</mx:subfield></mx:datafield><mx:datafield ind1="1" ind2=" " tag="400"><mx:subfield code="a">Pachymera, Georgius,</mx:subfield><mx:subfield code="d">1242-ca. 1310</mx:subfield></mx:datafield><mx:datafield ind1="0" ind2=" " tag="400"><mx:subfield code="a">Georgios,</mx:subfield><mx:subfield code="c">Diakonos,</mx:subfield><mx:subfield code="d">1242-ca. 1310</mx:subfield></mx:datafield><mx:datafield ind1="0" ind2=" " tag="400"><mx:subfield code="a">Georgius,</mx:subfield><mx:subfield code="c">Diaconus,</mx:subfield><mx:subfield code="d">1242-ca. 1310</mx:subfield></mx:datafield><mx:datafield ind1="1" ind2=" " tag="400"><mx:subfield code="w">nna</mx:subfield><mx:subfield code="a">Pachymeres, Georgius,</mx:subfield><mx:subfield code="d">1242-ca. 1310</mx:subfield></mx:datafield><mx:datafield ind1=" " ind2=" " tag="670"><mx:subfield code="a">His Geōrgiou tou Pachymerē ta euriskomena panta, 1865.</mx:subfield></mx:datafield><mx:datafield ind1=" " ind2=" " tag="670"><mx:subfield code="a">InU/Wing STC files</mx:subfield><mx:subfield code="b">(usage: ... Georgii Pachymerae; ... G. Pachymeris; Georgiou Diakonou ...; Georgii Diaconi ...)</mx:subfield></mx:datafield><mx:datafield ind1=" " ind2=" " tag="670"><mx:subfield code="a">Encyc. Brit., 1980</mx:subfield><mx:subfield code="b">(Pachymeres, Georgius, 1242-ca. 1310)</mx:subfield></mx:datafield><mx:datafield ind1=" " ind2=" " tag="670"><mx:subfield code="a">Megalē hellēnikē enkyk.</mx:subfield><mx:subfield code="b">(Pachymerēs, Geōrgios; b. 1240; d. ca. 1310)</mx:subfield></mx:datafield><mx:datafield ind1=" " ind2=" " tag="670"><mx:subfield code="a">NUC pre-1956</mx:subfield><mx:subfield code="b">(Pachymeres, Georgius)</mx:subfield></mx:datafield><mx:datafield ind1=" " ind2=" " tag="670"><mx:subfield code="a">Encycl. Brit.</mx:subfield><mx:subfield code="b">(Pachymeres, George; b. 1242, Nicaea; d. ca. 1310, Constantinople)</mx:subfield></mx:datafield><mx:datafield ind1=" " ind2=" " tag="670"><mx:subfield code="a">Krumbacher</mx:subfield><mx:subfield code="b">(Georgios Pachymeres, b. 1242)</mx:subfield></mx:datafield><mx:datafield ind1=" " ind2=" " tag="670"><mx:subfield code="a">Papyros-Larous.</mx:subfield><mx:subfield code="b">(b. 1242)</mx:subfield></mx:datafield><mx:datafield ind1=" " ind2=" " tag="670"><mx:subfield code="a">His Relations historiques, 1984-1999:</mx:subfield><mx:subfield code="b">t.p. (Georges Pachymérès)</mx:subfield></mx:datafield><mx:datafield ind1=" " ind2=" " tag="999"><mx:subfield code="a">5935</mx:subfield></mx:datafield></mx:record>